<record><leader>00000cas a22000007a 4500</leader><controlfield tag="001">18281254</controlfield><controlfield tag="008">880728d18441846ohuwr ne      0    0eng d</controlfield><datafield ind1=" " ind2=" " tag="010"><subfield code="a">sn 88078727 </subfield></datafield><datafield ind1=" " ind2=" " tag="040"><subfield code="a">ONP</subfield><subfield code="b">eng</subfield><subfield code="c">ONP</subfield><subfield code="d">OCLCQ</subfield><subfield code="d">DLC</subfield></datafield><datafield ind1=" " ind2=" " tag="042"><subfield code="a">msc</subfield></datafield><datafield ind1="0" ind2=" " tag="130"><subfield code="a">Lancaster gazette and express (Lancaster, Ohio : 1844)</subfield></datafield><datafield ind1="1" ind2="0" tag="245"><subfield code="a">Lancaster gazette and express.</subfield></datafield><datafield ind1=" " ind2=" " tag="260"><subfield code="a">Lancaster, Ohio :</subfield><subfield code="b">J. Percival,</subfield><subfield code="c">-1846.</subfield></datafield><datafield ind1=" " ind2=" " tag="310"><subfield code="a">Weekly</subfield></datafield><datafield ind1="1" ind2=" " tag="362"><subfield code="a">Began in Aug. 1844.</subfield></datafield><datafield ind1="0" ind2=" " tag="362"><subfield code="a">-new. ser., v. 1, no. 6 (June 19, 1846).</subfield></datafield><datafield ind1=" " ind2=" " tag="588"><subfield code="a">Description based on: New ser., v. 4, no. 19 (Aug. 19, 1844).</subfield></datafield><datafield ind1=" " ind2=" " tag="752"><subfield code="a">United States</subfield><subfield code="b">Ohio</subfield><subfield code="c">Fairfield</subfield><subfield code="d">Lancaster.</subfield></datafield><datafield ind1="0" ind2="0" tag="780"><subfield code="t">Gazette and express (Lancaster, Ohio : 1840)</subfield><subfield code="w">(DLC)sn 85038175</subfield><subfield code="w">(OCoLC)15803086</subfield></datafield><datafield ind1="0" ind2="0" tag="785"><subfield code="t">Lancaster gazette (Lancaster, Ohio : 1846)</subfield><subfield code="w">(DLC)sn 87070038</subfield></datafield></record>